
@book{beaujean2014,
	title = {Latent variable modeling using R: a step by step guide},
	author = {Beaujean, A. Alexander},
	year = {2014},
	date = {2014},
	publisher = {Routledge/Taylor & Francis Group},
	note = {OCLC: ocn868199963},
	address = {New York}
}

@article{nelson2018,
	title = {Psychology's renaissance},
	author = {Nelson, Leif D. and Simmons, Joseph and Simonsohn, Uri},
	year = {2018},
	month = {01},
	date = {2018-01},
	journal = {Annual Review of Psychology},
	pages = {511--534},
	volume = {69},
	number = {1},
	doi = {10.1146/annurev-psych-122216-011836},
	url = {http://www.annualreviews.org/doi/10.1146/annurev-psych-122216-011836}
}

@book{brown2015,
	title = {Confirmatory factor analysis for applied research},
	author = {Brown, Timothy A.},
	year = {2015},
	date = {2015},
	publisher = {The Guilford Press},
	series = {Methodology in the social sciences},
	edition = {Second edition},
	address = {New York ; London}
}
