
@book{beaujean2014,
	title = {Latent variable modeling using R: a step by step guide},
	author = {Beaujean, A. Alexander},
	year = {2014},
	date = {2014},
	publisher = {Routledge/Taylor & Francis Group},
	note = {OCLC: ocn868199963},
	address = {New York}
}

@article{nelson2018,
	title = {Psychology's renaissance},
	author = {Nelson, Leif D. and Simmons, Joseph and Simonsohn, Uri},
	year = {2018},
	month = {01},
	date = {2018-01},
	journal = {Annual Review of Psychology},
	pages = {511--534},
	volume = {69},
	number = {1},
	doi = {10.1146/annurev-psych-122216-011836},
	url = {http://www.annualreviews.org/doi/10.1146/annurev-psych-122216-011836}
}

@book{brown2015,
	title = {Confirmatory factor analysis for applied research},
	author = {Brown, Timothy A.},
	year = {2015},
	date = {2015},
	publisher = {The Guilford Press},
	series = {Methodology in the social sciences},
	edition = {Second edition},
	address = {New York ; London}
}

@article{rosseel2012,
	title = {Lavaan: An R package for structural equation modeling},
	author = {Rosseel, Yves},
	year = {2012},
	month = {05},
	date = {2012-05},
	journal = {Journal of Statistical Software},
	pages = {1--36},
	volume = {48},
	number = {1},
	doi = {10.18637/jss.v048.i02},
	note = {Publisher: American Statistical Association}
}

@article{stark2006,
	title = {Detecting differential item functioning with confirmatory factor analysis and item response theory: Toward a unified strategy.},
	author = {Stark, Stephen and Chernyshenko, Oleksandr S. and Drasgow, Fritz},
	year = {2006},
	month = {11},
	date = {2006-11},
	journal = {Journal of Applied Psychology},
	pages = {1292--1306},
	volume = {91},
	number = {6},
	doi = {10.1037/0021-9010.91.6.1292},
	url = {http://doi.apa.org/getdoi.cfm?doi=10.1037/0021-9010.91.6.1292},
	langid = {en}
}

@article{nye2019,
	title = {How Big Are My Effects? Examining the Magnitude of Effect Sizes in Studies of Measurement Equivalence},
	author = {Nye, Christopher D. and Bradburn, Jacob and Olenick, Jeffrey and Bialko, Christopher and Drasgow, Fritz},
	year = {2019},
	month = {07},
	date = {2019-07},
	journal = {Organizational Research Methods},
	pages = {678--709},
	volume = {22},
	number = {3},
	doi = {10.1177/1094428118761122},
	url = {http://journals.sagepub.com/doi/10.1177/1094428118761122},
	langid = {en}
}

@book{dueber2023,
	title = {dmacs},
	author = {Dueber, David},
	year = {2023},
	month = {02},
	date = {2023-02-13},
	url = {https://github.com/ddueber/dmacs},
	note = {original-date: 2019-08-09T02:15:23Z}
}

@article{nye2011,
	title = {Effect size indices for analyses of measurement equivalence: Understanding the practical importance of differences between groups.},
	author = {Nye, Christopher D. and Drasgow, Fritz},
	year = {2011},
	month = {09},
	date = {2011-09},
	journal = {Journal of Applied Psychology},
	pages = {966--980},
	volume = {96},
	number = {5},
	doi = {10.1037/a0022955},
	url = {http://doi.apa.org/getdoi.cfm?doi=10.1037/a0022955},
	langid = {en}
}

@book{devellis2022,
	title = {Scale development: theory and applications},
	author = {DeVellis, Robert F. and Thorpe, Carolyn T.},
	year = {2022},
	date = {2022},
	publisher = {SAGE Publications, Inc},
	edition = {Fifth edition},
	address = {Thousand Oaks, California}
}

@article{barry2012,
	title = {Shared Decision Making {\textemdash} The Pinnacle of Patient-Centered Care},
	author = {Barry, Michael J. and Edgman-Levitan, Susan},
	year = {2012},
	month = {03},
	date = {2012-03},
	journal = {New England Journal of Medicine},
	pages = {780--781},
	volume = {366},
	number = {9},
	doi = {10.1056/NEJMp1109283},
	url = {http://www.nejm.org/doi/10.1056/NEJMp1109283},
	langid = {en}
}

@article{barry2014,
	title = {Validity and Reliability Reporting Practices in the Field of Health Education and Behavior: A Review of Seven Journals},
	author = {Barry, Adam E. and Chaney, Beth and Piazza-Gardner, Anna K. and Chavarria, Enmanuel A.},
	year = {2014},
	month = {02},
	date = {2014-02},
	journal = {Health Education & Behavior},
	pages = {12--18},
	volume = {41},
	number = {1},
	doi = {10.1177/1090198113483139},
	url = {http://journals.sagepub.com/doi/10.1177/1090198113483139},
	langid = {en}
}

@article{weidman2017,
	title = {The jingle and jangle of emotion assessment: Imprecise measurement, casual scale usage, and conceptual fuzziness in emotion research.},
	author = {Weidman, Aaron C. and Steckler, Conor M. and Tracy, Jessica L.},
	year = {2017},
	date = {2017},
	journal = {Emotion},
	pages = {267--295},
	volume = {17},
	number = {2},
	doi = {10.1037/emo0000226},
	url = {http://doi.apa.org/getdoi.cfm?doi=10.1037/emo0000226},
	langid = {en}
}

@article{flake2020,
	title = {Measurement Schmeasurement: Questionable Measurement Practices and How to Avoid Them},
	author = {Flake, Jessica Kay and Fried, Eiko I.},
	year = {2020},
	month = {12},
	date = {2020-12},
	journal = {Advances in Methods and Practices in Psychological Science},
	pages = {456--465},
	volume = {3},
	number = {4},
	doi = {10.1177/2515245920952393},
	url = {http://journals.sagepub.com/doi/10.1177/2515245920952393},
	langid = {en}
}

@article{vazire2022,
	title = {Credibility Beyond Replicability: Improving the Four Validities in Psychological Science},
	author = {Vazire, Simine and Schiavone, Sarah R. and Bottesini, Julia G.},
	year = {2022},
	month = {04},
	date = {2022-04-01},
	journal = {Current Directions in Psychological Science},
	pages = {162--168},
	volume = {31},
	number = {2},
	doi = {10.1177/09637214211067779},
	url = {https://doi.org/10.1177/09637214211067779},
	note = {Publisher: SAGE Publications Inc},
	langid = {en}
}

@article{makel2012,
	title = {Replications in Psychology Research: How Often Do They Really Occur?},
	author = {Makel, Matthew C. and Plucker, Jonathan A. and Hegarty, Boyd},
	year = {2012},
	month = {11},
	date = {2012-11},
	journal = {Perspectives on Psychological Science},
	pages = {537--542},
	volume = {7},
	number = {6},
	doi = {10.1177/1745691612460688},
	url = {http://journals.sagepub.com/doi/10.1177/1745691612460688},
	langid = {en}
}

@article{zwaan2018,
	title = {Making replication mainstream},
	author = {Zwaan, Rolf A. and Etz, Alexander and Lucas, Richard E. and Donnellan, M. Brent},
	year = {2018},
	date = {2018},
	journal = {Behavioral and Brain Sciences},
	pages = {e120},
	volume = {41},
	doi = {10.1017/S0140525X17001972},
	url = {https://www.cambridge.org/core/journals/behavioral-and-brain-sciences/article/abs/making-replication-mainstream/2E3D8805BF34927A76B963C7BBE36AC7},
	langid = {en}
}

@book{shadish2001,
	title = {Experimental and quasi-experimental designs for generalized causal inference},
	author = {Shadish, William R. and Cook, Thomas D. and Campbell, Donald T.},
	year = {2001},
	date = {2001},
	publisher = {Houghton Mifflin},
	address = {Boston}
}

@article{trent2013,
	title = {A Measurement Invariance Examination of the Revised Child Anxiety and Depression Scale in a Southern Sample: Differential Item Functioning Between African American and Caucasian Youth},
	author = {Trent, Lindsay Rae and Buchanan, Erin and Ebesutani, Chad and Ale, Chelsea M. and Heiden, Laurie and Hight, Terry L. and Damon, John D. and Young, John},
	year = {2013},
	month = {04},
	date = {2013-04},
	journal = {Assessment},
	pages = {175--187},
	volume = {20},
	number = {2},
	doi = {10.1177/1073191112450907},
	url = {http://journals.sagepub.com/doi/10.1177/1073191112450907},
	note = {PMID: 22855507}
}

@article{chorpita2000,
	title = {Assessment of symptoms of DSM-IV anxiety and depression in children: a revised child anxiety and depression scale},
	author = {Chorpita, Bruce F and Yim, Letitia and Moffitt, Catherine and Umemoto, Lori A and Francis, Sarah E},
	year = {2000},
	month = {08},
	date = {2000-08-01},
	journal = {Behaviour Research and Therapy},
	pages = {835--855},
	volume = {38},
	number = {8},
	doi = {10.1016/S0005-7967(99)00130-8},
	url = {https://www.sciencedirect.com/science/article/pii/S0005796799001308},
	langid = {en}
}

@article{meredith1993,
	title = {Measurement invariance, factor analysis and factorial invariance},
	author = {Meredith, William},
	year = {1993},
	month = {12},
	date = {1993-12-01},
	journal = {Psychometrika},
	pages = {525--543},
	volume = {58},
	number = {4},
	doi = {10.1007/BF02294825},
	url = {https://doi.org/10.1007/BF02294825},
	langid = {en}
}

@article{vandeschoot2015,
	title = {Editorial: Measurement Invariance},
	author = {Van De Schoot, Rens and Schmidt, Peter and De Beuckelaer, Alain and Lek, Kimberley and Zondervan-Zwijnenburg, Marielle},
	year = {2015},
	date = {2015},
	journal = {Frontiers in Psychology},
	volume = {6},
	url = {https://www.frontiersin.org/articles/10.3389/fpsyg.2015.01064}
}

@article{tay2015,
	title = {An Overview and Practical Guide to IRT Measurement Equivalence Analysis},
	author = {Tay, Louis and Meade, Adam W and Cao, Mengyang},
	year = {2015},
	month = {01},
	date = {2015-01-01},
	journal = {Organizational Research Methods},
	pages = {3--46},
	volume = {18},
	number = {1},
	doi = {10.1177/1094428114553062},
	url = {https://doi.org/10.1177/1094428114553062},
	note = {Publisher: SAGE Publications Inc},
	langid = {en}
}

@article{byrne2001,
	title = {Structural Equation Modeling With AMOS, EQS, and LISREL: Comparative Approaches to Testing for the Factorial Validity of a Measuring Instrument},
	author = {Byrne, Barbara M.},
	year = {2001},
	month = {03},
	date = {2001-03},
	journal = {International Journal of Testing},
	pages = {55--86},
	volume = {1},
	number = {1},
	doi = {10.1207/S15327574IJT0101_4},
	url = {http://www.tandfonline.com/doi/abs/10.1207/S15327574IJT0101_4},
	langid = {en}
}

@book{kline2016,
	title = {Principles and practice of structural equation modeling},
	author = {Kline, Rex B.},
	year = {2016},
	date = {2016},
	publisher = {The Guilford Press},
	series = {Methodology in the social sciences},
	edition = {Fourth edition},
	address = {New York}
}

@article{j√∂reskog1971,
	title = {Simultaneous factor analysis in several populations},
	author = {{J√∂reskog}, K. G.},
	year = {1971},
	month = {12},
	date = {1971-12-01},
	journal = {Psychometrika},
	pages = {409--426},
	volume = {36},
	number = {4},
	doi = {10.1007/BF02291366},
	url = {https://doi.org/10.1007/BF02291366},
	langid = {en}
}

@article{s√∂rbom1978,
	title = {An alternative to the methodology for analysis of covariance},
	author = {{S√∂rbom}, Dag},
	year = {1978},
	month = {09},
	date = {1978-09-01},
	journal = {Psychometrika},
	pages = {381--396},
	volume = {43},
	number = {3},
	doi = {10.1007/BF02293647},
	url = {https://doi.org/10.1007/BF02293647},
	langid = {en}
}

@book{j√∂reskog2001,
	title = {LISREL 8: user's reference guide},
	author = {{J√∂reskog}, Karl G. and {S√∂rbom}, Dag},
	year = {2001},
	date = {2001},
	publisher = {SSI Scientific Software Internat},
	edition = {2. ed., updated to LISREL 8},
	address = {Lincolnwood, Ill},
	langid = {eng}
}

@article{boker2011,
	title = {OpenMx: An Open Source Extended Structural Equation Modeling Framework},
	author = {Boker, Steven and Neale, Michael and Maes, Hermine and Wilde, Michael and Spiegel, Michael and Brick, Timothy and Spies, Jeffrey and Estabrook, Ryne and Kenny, Sarah and Bates, Timothy and Mehta, Paras and Fox, John},
	year = {2011},
	month = {04},
	date = {2011-04-01},
	journal = {Psychometrika},
	pages = {306--317},
	volume = {76},
	number = {2},
	doi = {10.1007/s11336-010-9200-6},
	url = {https://doi.org/10.1007/s11336-010-9200-6},
	langid = {en}
}

@article{byrne1989,
	title = {Testing for the equivalence of factor covariance and mean structures: The issue of partial measurement invariance.},
	author = {Byrne, Barbara M. and Shavelson, Richard J. and {Muth√©n}, Bengt},
	year = {1989},
	month = {05},
	date = {1989-05},
	journal = {Psychological Bulletin},
	pages = {456--466},
	volume = {105},
	number = {3},
	doi = {10.1037/0033-2909.105.3.456},
	url = {http://dx.doi.org/10.1037/0033-2909.105.3.456},
	langid = {en}
}

@article{meade2008,
	title = {Power and sensitivity of alternative fit indices in tests of measurement invariance.},
	author = {Meade, Adam W. and Johnson, Emily C. and Braddy, Phillip W.},
	year = {2008},
	month = {05},
	date = {2008-05},
	journal = {Journal of Applied Psychology},
	pages = {568--592},
	volume = {93},
	number = {3},
	doi = {10.1037/0021-9010.93.3.568},
	url = {http://dx.doi.org/10.1037/0021-9010.93.3.568},
	langid = {en}
}

@article{cheung2002,
	title = {Evaluating Goodness-of-Fit Indexes for Testing Measurement Invariance},
	author = {Cheung, Gordon W. and Rensvold, Roger B.},
	year = {2002},
	month = {04},
	date = {2002-04},
	journal = {Structural Equation Modeling: A Multidisciplinary Journal},
	pages = {233--255},
	volume = {9},
	number = {2},
	doi = {10.1207/s15328007sem0902_5},
	url = {http://dx.doi.org/10.1207/S15328007SEM0902_5},
	langid = {en}
}

@article{thompson1996,
	title = {Factor Analytic Evidence for the Construct Validity of Scores: A Historical Overview and Some Guidelines},
	author = {Thompson, Bruce and Daniel, Larry G.},
	year = {1996},
	month = {04},
	date = {1996-04},
	journal = {Educational and Psychological Measurement},
	pages = {197--208},
	volume = {56},
	number = {2},
	doi = {10.1177/0013164496056002001},
	url = {http://dx.doi.org/10.1177/0013164496056002001},
	langid = {en}
}

@article{marsh2004,
	title = {In Search of Golden Rules: Comment on Hypothesis-Testing Approaches to Setting Cutoff Values for Fit Indexes and Dangers in Overgeneralizing Hu and Bentler's (1999) Findings},
	author = {Marsh, Herbert W. and Hau, Kit-Tai and Wen, Zhonglin},
	year = {2004},
	month = {07},
	date = {2004-07-01},
	journal = {Structural Equation Modeling: A Multidisciplinary Journal},
	pages = {320--341},
	volume = {11},
	number = {3},
	doi = {10.1207/s15328007sem1103_2},
	url = {https://doi.org/10.1207/s15328007sem1103_2},
	note = {Publisher: Routledge
{\_}eprint: https://doi.org/10.1207/s15328007sem1103{\_}2}
}

@article{putnick2016,
	title = {Measurement invariance conventions and reporting: The state of the art and future directions for psychological research},
	author = {Putnick, Diane L. and Bornstein, Marc H.},
	year = {2016},
	month = {09},
	date = {2016-09-01},
	journal = {Developmental Review},
	pages = {71--90},
	volume = {41},
	doi = {10.1016/j.dr.2016.06.004},
	url = {https://www.sciencedirect.com/science/article/pii/S0273229716300351},
	langid = {en}
}

@article{makel2014,
	title = {Facts Are More Important Than Novelty: Replication in the Education Sciences},
	author = {Makel, Matthew C. and Plucker, Jonathan A.},
	year = {2014},
	month = {08},
	date = {2014-08},
	journal = {Educational Researcher},
	pages = {304--316},
	volume = {43},
	number = {6},
	doi = {10.3102/0013189X14545513},
	url = {http://journals.sagepub.com/doi/10.3102/0013189X14545513},
	langid = {en}
}

@article{lakens2017,
	title = {Equivalence Tests},
	author = {Lakens, {Dani√´l}},
	year = {2017},
	month = {05},
	date = {2017-05},
	journal = {Social Psychological and Personality Science},
	pages = {355--362},
	volume = {8},
	number = {4},
	doi = {10.1177/1948550617697177},
	url = {http://dx.doi.org/10.1177/1948550617697177},
	langid = {en}
}

@article{anvari2021,
	title = {Using anchor-based methods to determine the smallest effect size of interest},
	author = {Anvari, Farid and Lakens, {Dani√´l}},
	year = {2021},
	month = {09},
	date = {2021-09},
	journal = {Journal of Experimental Social Psychology},
	pages = {104159},
	volume = {96},
	doi = {10.1016/j.jesp.2021.104159},
	url = {http://dx.doi.org/10.1016/j.jesp.2021.104159},
	langid = {en}
}

@inbook{akaike1998,
	title = {Information Theory and an Extension of the Maximum Likelihood Principle},
	author = {Akaike, Hirotogu},
	editor = {Parzen, Emanuel and Tanabe, Kunio and Kitagawa, Genshiro},
	year = {1998},
	date = {1998},
	publisher = {Springer New York},
	pages = {199--213},
	url = {http://link.springer.com/10.1007/978-1-4612-1694-0_15},
	note = {Series Title: Springer Series in Statistics
DOI: 10.1007/978-1-4612-1694-0{\_}15},
	address = {New York, NY}
}

@article{schwarz1978,
	title = {Estimating the Dimension of a Model},
	author = {Schwarz, Gideon},
	year = {1978},
	date = {1978},
	journal = {The Annals of Statistics},
	pages = {461--464},
	volume = {6},
	number = {2},
	url = {https://www.jstor.org/stable/2958889},
	note = {Publisher: Institute of Mathematical Statistics}
}

@article{bentler1990,
	title = {Comparative fit indexes in structural models.},
	author = {Bentler, P. M.},
	year = {1990},
	date = {1990},
	journal = {Psychological Bulletin},
	pages = {238--246},
	volume = {107},
	number = {2},
	doi = {10.1037/0033-2909.107.2.238}
}

@article{tucker1973,
	title = {A reliability coefficient for maximum likelihood factor analysis},
	author = {Tucker, Ledyard R. and Lewis, Charles},
	year = {1973},
	month = {03},
	date = {1973-03-01},
	journal = {Psychometrika},
	pages = {1--10},
	volume = {38},
	number = {1},
	doi = {10.1007/BF02291170},
	url = {https://doi.org/10.1007/BF02291170},
	langid = {en}
}

@article{steiger1990,
	title = {Structural Model Evaluation and Modification: An Interval Estimation Approach},
	author = {Steiger, James H.},
	year = {1990},
	date = {1990},
	journal = {Multivariate Behavioral Research},
	pages = {173--180},
	volume = {25},
	number = {2},
	doi = {10.1207/s15327906mbr2502_4},
	note = {Publisher: Lawrence Erlbaum Associates, Inc.}
}

@book{bentler1995,
	title = {EQS structural equations program manual},
	author = {Bentler, P. M.},
	year = {1995},
	date = {1995},
	address = {Encino, CA}
}

@book{cohen2003,
	title = {Applied Multiple Regression / Correlation Analysis for the Behavioral Sciences},
	author = {Cohen, Jacob and Cohen, Patricia and West, Stephen G. and Aiken, Leona},
	year = {2003},
	date = {2003},
	publisher = {Lawrence Erlbaum Associates},
	edition = {3rd},
	note = {ISSN: 00943061
PMID: 3080450}
}

@article{chin2018,
	title = {Depression, Anxiety, and Stress: How Should Clinicians Interpret the Total and Subscale Scores of the 21-Item Depression, Anxiety, and Stress Scales?},
	author = {Chin, E. G. and Buchanan, E. M. and Ebesutani, C. and Young, J.},
	year = {2018},
	date = {2018},
	journal = {Psychological Reports},
	doi = {10.1177/0033294118783508}
}

@article{lovibond1995,
	title = {The structure of negative emotional states: Comparison of the Depression Anxiety Stress Scales (DASS) with the Beck Depression and Anxiety Inventories},
	author = {Lovibond, P. F. and Lovibond, S. H.},
	year = {1995},
	month = {03},
	date = {1995-03-01},
	journal = {Behaviour Research and Therapy},
	pages = {335--343},
	volume = {33},
	number = {3},
	doi = {10.1016/0005-7967(94)00075-U},
	url = {https://www.sciencedirect.com/science/article/pii/000579679400075U},
	langid = {en}
}

@book{debruine2021,
	title = {faux: Simulation for Factorial Designs},
	author = {DeBruine, Lisa},
	year = {2021},
	month = {09},
	date = {2021-09-17},
	publisher = {Zenodo},
	doi = {10.5281/ZENODO.2669586},
	url = {https://zenodo.org/record/2669586},
	note = {Language: en
DOI: 10.5281/ZENODO.2669586}
}

@article{aiena2014,
	title = {Measuring Resilience With the RS{\textendash}14: A Tale of Two Samples},
	author = {Aiena, Bethany J. and Baczwaski, Brandy J. and Schulenberg, Stefan E. and Buchanan, Erin M.},
	year = {2014},
	month = {09},
	date = {2014-09-25},
	journal = {Journal of Personality Assessment},
	pages = {291--300},
	volume = {97},
	number = {3},
	doi = {10.1080/00223891.2014.951445},
	url = {http://dx.doi.org/10.1080/00223891.2014.951445},
	langid = {en}
}

@article{wagnild2009,
	title = {A review of the resilience Scale},
	author = {Wagnild, G.},
	year = {2009},
	date = {2009},
	journal = {Journal of Nursing Measurement},
	pages = {105--113},
	volume = {17},
	number = {2},
	doi = {10.1891/1061-3749.17.2.105},
	note = {PMID: 19711709}
}

@article{counsell2020,
	title = {Evaluating Equivalence Testing Methods for Measurement Invariance},
	author = {Counsell, Alyssa and Cribbie, Robert A. and Flora, David B.},
	year = {2020},
	month = {03},
	date = {2020-03-03},
	journal = {Multivariate Behavioral Research},
	pages = {312--328},
	volume = {55},
	number = {2},
	doi = {10.1080/00273171.2019.1633617},
	url = {https://doi.org/10.1080/00273171.2019.1633617},
	note = {Publisher: Routledge
{\_}eprint: https://doi.org/10.1080/00273171.2019.1633617
PMID: 31389729}
}

@article{jin2020,
	title = {A note on the cutoff values of alternative fit indices to evaluate measurement invariance for ESEM models},
	author = {Jin, Ying},
	year = {2020},
	month = {03},
	date = {2020-03-01},
	journal = {International Journal of Behavioral Development},
	pages = {166--174},
	volume = {44},
	number = {2},
	doi = {10.1177/0165025419866911},
	url = {https://doi.org/10.1177/0165025419866911},
	note = {Publisher: SAGE Publications Ltd},
	langid = {en}
}

@article{cao2022,
	title = {The Impact of Model Size on the Sensitivity of Fit Measures in Measurement Invariance Testing},
	author = {Cao, Chunhua and Liang, Xinya},
	year = {2022},
	month = {09},
	date = {2022-09-03},
	journal = {Structural Equation Modeling: A Multidisciplinary Journal},
	pages = {744--754},
	volume = {29},
	number = {5},
	doi = {10.1080/10705511.2022.2056893},
	url = {https://doi.org/10.1080/10705511.2022.2056893},
	note = {Publisher: Routledge
{\_}eprint: https://doi.org/10.1080/10705511.2022.2056893}
}

@article{cohen1990,
	title = {Things I have learned (so far).},
	author = {Cohen, Jacob},
	year = {1990},
	month = {12},
	date = {1990-12},
	journal = {American Psychologist},
	pages = {1304--1312},
	volume = {45},
	number = {12},
	doi = {10.1037/0003-066X.45.12.1304},
	url = {http://doi.apa.org/getdoi.cfm?doi=10.1037/0003-066X.45.12.1304},
	langid = {en}
}

@book{cumming2012,
	title = {Understanding the new statistics: Effect sizes, confidence intervals, and meta-analysis},
	author = {Cumming, Geoff},
	year = {2012},
	date = {2012},
	publisher = {Routledge}
}

@book{robinson2023,
	title = {broom: Convert Statistical Objects into Tidy Tibbles},
	author = {Robinson, David and Hayes, Alex and {Couch  [aut}, Simon and cre,  and Software, Posit and PBC,  and Patil, Indrajeet and Chiu, Derek and Gomez, Matthieu and Demeshev, Boris and Menne, Dieter and Nutter, Benjamin and Johnston, Luke and Bolker, Ben and Briatte, Francois and Arnold, Jeffrey and Gabry, Jonah and Selzer, Luciano and Simpson, Gavin and Preussner, Jens and Hesselberth, Jay and Wickham, Hadley and Lincoln, Matthew and Gasparini, Alessandro and Komsta, Lukasz and Novometsky, Frederick and Freitas, Wilson and Evans, Michelle and Brunson, Jason Cory and Jackson, Simon and Whalley, Ben and Whiting, Karissa and Rosseel, Yves and Kuehn, Michael and Cimentada, Jorge and Holgersen, Erle and Werner, Karl Dunkle and Christensen, Ethan and Pav, Steven and PJ, Paul and Schneider, Ben and Kennedy, Patrick and Medina, Lily and Fannin, Brian and Muhlenkamp, Jason and Lehman, Matt and Denney, Bill and Crane, Nic and Bates, Andrew and Arel-Bundock, Vincent and Hayashi, Hideaki and Tobalina, Luis and Wang, Annie and Tham, Wei Yang and Wang, Clara and Smith, Abby and Cooper, Jasper and Krauska, E. Auden and Wang, Alex and Barrett, Malcolm and Gray, Charles and Wilber, Jared and Gegzna, Vilmantas and Szoecs, Eduard and Aust, Frederik and Moore, Angus and Williams, Nick and Barth, Marius and Wundervald, Bruna and Cahoon, Joyce and McDermott, Grant and Zarca, Kevin and Kuriwaki, Shiro and Wallrich, Lukas and Martherus, James and Xiao, Chuliang and Larmarange, Joseph and Kuhn, Max and Bojanowski, Michal and Malmedal, Hakon and Wang, Clara and Oller, Sergio and Sonnet, Luke and Hester, Jim and Schneider, Ben and Gray, Bernie and Averick, Mara and Jacobs, Aaron and Bender, Andreas and Templer, Sven and Buerkner, Paul-Christian and Kay, Matthew and Pennec, Erwan Le and Junkka, Johan and Zhu, Hao and Soltoff, Benjamin and Saldana, Zoe Wilkinson and Littlefield, Tyler and Gray, Charles T. and Banks, Shabbh E. and Robinson, Serina and Bivand, Roger and Ots, Riinu and Williams, Nicholas and Jakobsen, Nina and Weylandt, Michael and Lendway, Lisa and Hailperin, Karl and Rodriguez, Josue and Bryan, Jenny and Jarvis, Chris and Macfarlane, Greg and Mannakee, Brian and Tyre, Drew and Singh, Shreyas and Geffert, Laurens and Ooi, Hong and Bengtsson, Henrik and Szocs, Eduard and Hugh-Jones, David and Stigler, Matthieu and Tavares, Hugo and Vervoort, R. Willem and Wiernik, Brenton M. and Yamamoto, Josh and Lee, Jasme and Sanders, Taren and Prosdocimi, Ilaria and Sjoberg, Daniel D. and Reinhart, Alex},
	year = {2023},
	month = {03},
	date = {2023-03-11},
	url = {https://CRAN.R-project.org/package=broom}
}

@book{R-ggplot2,
	title = {ggplot2: Elegant graphics for data analysis},
	author = {Wickham, Hadley},
	year = {2016},
	date = {2016},
	publisher = {Springer-Verlag New York},
	url = {https://ggplot2.tidyverse.org},
	note = {Citation Key: R-ggplot2}
}

@book{wilke2020,
	title = {cowplot: Streamlined Plot Theme and Plot Annotations for 'ggplot2'},
	author = {Wilke, Claus O.},
	year = {2020},
	month = {12},
	date = {2020-12-30},
	url = {https://CRAN.R-project.org/package=cowplot}
}

@article{nosek2018,
	title = {The preregistration revolution},
	author = {Nosek, Brian A. and Ebersole, Charles R. and DeHaven, Alexander C. and Mellor, David T.},
	year = {2018},
	date = {2018},
	journal = {Proceedings of the National Academy of Sciences of the United States of America},
	pages = {2600--2606},
	volume = {115},
	number = {11},
	doi = {10.1073/pnas.1708274114}
}

@article{mayo-wilson2021,
	title = {Evaluating implementation of the Transparency and Openness Promotion¬†(TOP) guidelines:¬†the TRUST process for rating journal policies, procedures, and practices},
	author = {Mayo-Wilson, Evan and Grant, Sean and Supplee, Lauren and Kianersi, Sina and Amin, Afsah and DeHaven, Alex and Mellor, David},
	year = {2021},
	month = {06},
	date = {2021-06-02},
	journal = {Research Integrity and Peer Review},
	pages = {9},
	volume = {6},
	number = {1},
	doi = {10.1186/s41073-021-00112-8},
	url = {https://doi.org/10.1186/s41073-021-00112-8}
}

@article{hobson2019,
	title = {Registered reports are an ally to early career researchers},
	author = {Hobson, Hannah},
	year = {2019},
	month = {10},
	date = {2019-10},
	journal = {Nature Human Behaviour},
	pages = {1010--1010},
	volume = {3},
	number = {10},
	doi = {10.1038/s41562-019-0701-8},
	url = {https://www.nature.com/articles/s41562-019-0701-8},
	note = {Number: 10
Publisher: Nature Publishing Group},
	langid = {en}
}

@article{nosek2014,
	title = {Registered Reports: A Method to Increase the Credibility of Published Results},
	author = {Nosek, Brian A. and Lakens, {Dani√´l}},
	year = {2014},
	month = {05},
	date = {2014-05-01},
	journal = {Social Psychology},
	pages = {137--141},
	volume = {45},
	number = {3},
	doi = {10.1027/1864-9335/a000192},
	url = {https://econtent.hogrefe.com/doi/10.1027/1864-9335/a000192},
	langid = {en}
}

@book{epskamp2022,
	title = {semPlot: Path Diagrams and Visual Analysis of Various SEM Packages' Output},
	author = {Epskamp, Sacha},
	year = {2022},
	date = {2022},
	url = {https://CRAN.R-project.org/package=semPlot}
}

@article{cha2007,
	title = {Translation of scales in cross{-}cultural research: issues and techniques},
	author = {Cha, {Eun{-}Seok} and Kim, Kevin H. and Erlen, Judith A.},
	year = {2007},
	month = {05},
	date = {2007-05},
	journal = {Journal of Advanced Nursing},
	pages = {386--395},
	volume = {58},
	number = {4},
	doi = {10.1111/j.1365-2648.2007.04242.x},
	url = {https://onlinelibrary.wiley.com/doi/10.1111/j.1365-2648.2007.04242.x},
	langid = {en}
}

@article{yu2004,
	title = {Issues and Challenges of Instrument Translation},
	author = {Yu, Doris S. F. and Lee, Diana T. F. and Woo, Jean},
	year = {2004},
	month = {04},
	date = {2004-04},
	journal = {Western Journal of Nursing Research},
	pages = {307--320},
	volume = {26},
	number = {3},
	doi = {10.1177/0193945903260554},
	url = {http://journals.sagepub.com/doi/10.1177/0193945903260554},
	langid = {en}
}

@article{chang1999,
	title = {Translation of questionnaires and issues of equivalence},
	author = {Chang, Anne M. and Chau, Janita P.C. and Holroyd, Eleanor},
	year = {1999},
	month = {02},
	date = {1999-02},
	journal = {Journal of Advanced Nursing},
	pages = {316--322},
	volume = {29},
	number = {2},
	doi = {10.1046/j.1365-2648.1999.00891.x},
	url = {https://onlinelibrary.wiley.com/doi/10.1046/j.1365-2648.1999.00891.x},
	langid = {en}
}

@article{chen2020,
	title = {Psychometric properties of the Chinese version of the Resilience Scale (RS-14): Preliminary results},
	author = {Chen, Wei and Xie, Enhui and Tian, Xue and Zhang, Guyin},
	editor = {Leal-Costa, {C√©sar}},
	year = {2020},
	month = {10},
	date = {2020-10-30},
	journal = {PLOS ONE},
	pages = {e0241606},
	volume = {15},
	number = {10},
	doi = {10.1371/journal.pone.0241606},
	url = {https://dx.plos.org/10.1371/journal.pone.0241606},
	langid = {en}
}
